<?xml version="1.0" encoding="UTF-8"?><collection xmlns="http://www.loc.gov/MARC21/slim"><record><leader>00411nam--2200169-u-4500</leader><controlfield tag="001">000051892</controlfield><controlfield tag="002">20161230</controlfield><controlfield tag="005">20161230201049</controlfield><controlfield tag="008">090414s1000------------r-----000-0-eng-d</controlfield><datafield ind1=" " ind2=" " tag="040"><subfield code="a">IFIN-HH</subfield></datafield><datafield ind1=" " ind2=" " tag="080"><subfield code="a">519.853</subfield></datafield><datafield ind1="1" ind2=" " tag="100"><subfield code="a">Bank,B. s.a</subfield></datafield><datafield ind1="1" ind2="0" tag="245"><subfield code="a">Non-Linear Parametric Optimization</subfield></datafield><datafield ind1=" " ind2=" " tag="260"><subfield code="a">Berlin</subfield><subfield code="b">Akademie-Verlag</subfield><subfield code="c">1982</subfield></datafield><datafield ind1=" " ind2=" " tag="300"><subfield code="a">226 p</subfield></datafield><datafield ind1=" " ind2=" " tag="852"><subfield code="a">71482</subfield><subfield code="c">517.9</subfield></datafield><datafield ind1=" " ind2=" " tag="CAT"><subfield code="a">Sys</subfield><subfield code="c">20090414</subfield><subfield code="h">132902</subfield></datafield></record></collection>